@inproceedings{goto2002rwc,
  title={RWC Music Database: Popular, Classical and Jazz Music Databases.},
  author={Goto, Masataka and Hashiguchi, Hiroki and Nishimura, Takuichi and Oka, Ryuichi},
  booktitle={ISMIR},
  volume={2},
  pages={287--288},
  year={2002}
}

@inproceedings{muller2011segment,
     title={A Segment-Based Fitness Measure for Capturing Repetitive Structures of Music Recordings.},
     author={M{\"u}ller, Meinard and Grosche, Peter and Jiang, Nanzhu},
     booktitle={ISMIR},
     pages={615--620},
     year={2011},
     organization={Citeseer}
}

@book{muller2015fundamentals,
  title={Fundamentals of Music Processing: Audio, Analysis, Algorithms, Applications},
  author={M{\"u}ller, Meinard},
  year={2015},
  publisher={Springer}
}

@article{Knuth92,
        author = "D.E. Knuth",
        title = "Two notes on notation",
        journal = "Amer. Math. Monthly",
        volume = "99",
        year = "1992",
        pages = "403--422",
}

@book{ConcreteMath,
        author = "R.L. Graham and D.E. Knuth and O. Patashnik",
        title = "Concrete mathematics",
        publisher = "Addison-Wesley",
        address = "Reading, MA",
        year = "1989"
}
